<record><leader>00000cas a22000007a 4500</leader><controlfield tag="001">15034307</controlfield><controlfield tag="008">870105d18781880iauwr ne      0    0eng d</controlfield><datafield ind1=" " ind2=" " tag="010"><subfield code="a">sn 87057192 </subfield></datafield><datafield ind1=" " ind2=" " tag="040"><subfield code="a">INP</subfield><subfield code="b">eng</subfield><subfield code="c">INP</subfield><subfield code="d">OCLCQ</subfield></datafield><datafield ind1=" " ind2=" " tag="042"><subfield code="a">msc</subfield></datafield><datafield ind1="0" ind2="0" tag="245"><subfield code="a">Calhoun journal.</subfield></datafield><datafield ind1="1" ind2="3" tag="246"><subfield code="a">Calhoun County journal</subfield></datafield><datafield ind1=" " ind2=" " tag="260"><subfield code="a">Pomeroy, Iowa :</subfield><subfield code="b">T.B. Hotchkiss,</subfield><subfield code="c">1878-1880.</subfield></datafield><datafield ind1=" " ind2=" " tag="300"><subfield code="a">2 v. :</subfield><subfield code="b">ill. ;</subfield><subfield code="c">50 cm.</subfield></datafield><datafield ind1=" " ind2=" " tag="310"><subfield code="a">Weekly</subfield></datafield><datafield ind1="0" ind2=" " tag="362"><subfield code="a">Vol. 4, no. 52 (Oct. 31, 1878)-v. 5, no. 8 (Jan. 8, 1880).</subfield></datafield><datafield ind1=" " ind2=" " tag="500"><subfield code="a">Published in Manson, Iowa, Nov. 28, 1878-Jan. 8, 1880.</subfield></datafield><datafield ind1=" " ind2=" " tag="752"><subfield code="a">United States</subfield><subfield code="b">Iowa</subfield><subfield code="c">Calhoun</subfield><subfield code="d">Manson.</subfield></datafield><datafield ind1=" " ind2=" " tag="752"><subfield code="a">United States</subfield><subfield code="b">Iowa</subfield><subfield code="c">Calhoun</subfield><subfield code="d">Pomeroy.</subfield></datafield><datafield ind1="0" ind2="0" tag="780"><subfield code="t">Calhoun County journal (Rockwell City, Iowa : 1877)</subfield><subfield code="w">(DLC)sn 87057014</subfield></datafield><datafield ind1="0" ind2="0" tag="785"><subfield code="t">Calhoun County journal (Manson, Iowa : 1880)</subfield><subfield code="w">(DLC)sn 87057015</subfield></datafield></record>